                             %%%%      Books       %%%%



@book{Sutton,
 author = {Sutton, Richard S. and Barto, Andrew G.},
 title = {Introduction to Reinforcement Learning},
 year = {1998},
 isbn = {0262193981},
 edition = {1st},
 publisher = {MIT Press},
 address = {Cambridge, MA, USA},
} 

						%%% PHD thesis %%% 

@PHDTHESIS{Xia2015,
url = "http://www.theses.fr/2015ECLI0026",
title = "Apprentissage Intelligent des Robots Mobiles dans la Navigation Autonome",
author = "Xia, Chen",
year = "2015",
note = "Th\`{e}se de doctorat dirig\'{e}e par El Kamel, Abdelkader Automatique, g\'{e}nie informatique, traitement du signal et des images Ecole centrale de Lille 2015",
note = "2015ECLI0026",
url = "http://www.theses.fr/2015ECLI0026/document",
}


                          



